@BOOK{HinzeEtAl2009,
	title = {Optimization with {PDE} constraints},
	publisher = {Springer},
	year = {2009},
	author = {Hinze, Michael and Pinnau, Rene and Ulbrich, Michael and Ulbrich,
	Stefan},
	address = {Berlin}
}

@BOOK{NocedalWright2006,
  title = {Numerical Optimization},
  publisher = {Springer},
  year = {2006},
  author = {Nocedal, Jorge and Wright, Stephen J.},
  address = {New York}
}

@BOOK{HinzeEtAl2009,
	title = {Optimization with {PDE} constraints},
	publisher = {Springer},
	year = {2009},
	author = {Hinze, Michael and Pinnau, Rene and Ulbrich, Michael and Ulbrich,
	Stefan},
	address = {Berlin}
}

@BOOK{Troeltzsch2010,
	title = {Optimal Control of Partial Differential Equations: Theory, Methods and Applications},
	publisher = {AMS},
	year = {2010},
	author = {Tr\"{o}ltzsch, Fredi},
}

@article{KassamTrefethen2005,
	title={Fourth-order time-stepping for stiff PDEs},
	author={Kassam, Aly-Khan and Trefethen, Lloyd N},
	journal={SIAM J. Sci. Comput.},
	volume={26},
	number={4},
	pages={1214--1233},
	year={2005},
	publisher={SIAM}
}

